<?xml version="1.0" encoding="UTF-8"?><collection xmlns="http://www.loc.gov/MARC21/slim"><record><leader>00537nam--2200181-i-4500</leader><controlfield tag="001">000014031</controlfield><controlfield tag="002">20161230</controlfield><controlfield tag="005">20161230201030</controlfield><controlfield tag="008">060222s1000------------r-----000-0-fre-d</controlfield><datafield ind1=" " ind2=" " tag="040"><subfield code="a">IFIN-HH</subfield></datafield><datafield ind1=" " ind2=" " tag="041"><subfield code="a">fre</subfield></datafield><datafield ind1=" " ind2=" " tag="080"><subfield code="a">519.688 (043)</subfield></datafield><datafield ind1="1" ind2=" " tag="100"><subfield code="a">Plateau, Brigitte</subfield></datafield><datafield ind1="1" ind2="0" tag="245"><subfield code="a">Evaluation des performances d algorithmes preservant la coherence de bases de donnees reparties</subfield><subfield code="b">These</subfield><subfield code="c">Brigitte plateau</subfield></datafield><datafield ind1=" " ind2=" " tag="260"><subfield code="a">Orsay</subfield><subfield code="b">Universite De Paris Sud</subfield><subfield code="c">1980</subfield></datafield><datafield ind1=" " ind2=" " tag="300"><subfield code="a">88 P</subfield></datafield><datafield ind1=" " ind2=" " tag="852"><subfield code="a">49631</subfield><subfield code="c">519.4/5</subfield></datafield><datafield ind1=" " ind2=" " tag="CAT"><subfield code="a">Sys</subfield><subfield code="c">20130814</subfield><subfield code="h">163959</subfield></datafield></record></collection>